@article{palomar2006tutorial,
  title     = {A tutorial on decomposition methods for network utility maximization},
  author    = {Palomar, Daniel P{\'e}rez and Chiang, Mung},
  journal   = {IEEE Journal on Selected Areas in Communications},
  volume    = {24},
  number    = {8},
  pages     = {1439--1451},
  year      = {2006},
  publisher = {IEEE}
}
